%-----------------------------------
%	REFERENCES
%-----------------------------------


%-----------------------------------
%	EXTERNAL LINKS
%-----------------------------------


%-----------------------------------
%	Unused references
%-----------------------------------
